@article{chen2013combinatorial,
title={Combinatorial multi-armed bandit: general framework, results and applications},
author={Chen, Wei and Wang, Yajun and Yuan, Yang},
year={2013}}

